@article{test,
    author={Günter Frö},
    title = {Wörter},
    journal = {Wörter in Österreich},
    year = {2013}
}

@article{batty_2016,
	url = {https://doi.org/10.1145%2F2837614.2837637},
	year = 2016,
	month = {jan},
	publisher = {{ACM}},
	author = {Mark Batty and Alastair F. Donaldson and John Wickerson},
	title = {Overhauling {SC} atomics in C11 and {OpenCL}},
	booktitle = {Proceedings of the 43rd Annual {ACM} {SIGPLAN}-{SIGACT} Symposium on Principles of Programming Languages}
}

@article{pichon_pharabod2016concurrency,
    author = {Pichon-Pharabod, Jean and Sewell, Peter},
    title = {A Concurrency Semantics for Relaxed Atomics That Permits Optimisation and Avoids Thin-Air Executions},
    year = {2016},
    issue_date = {January 2016},
    publisher = {Association for Computing Machinery},
    address = {New York, NY, USA},
    volume = {51},
    number = {1},
    issn = {0362-1340},
    url = {https://doi.org/10.1145/2914770.2837616},
    journal = {SIGPLAN Not.},
    month = {jan},
    pages = {622–633},
    numpages = {12},
    keywords = {C/C++, Relaxed memory models, Concurrency}
}

@article{lahav2017repairing,
    author = {Lahav, Ori and Vafeiadis, Viktor and Kang, Jeehoon and Hur, Chung-Kil and Dreyer, Derek},
    title = {Repairing Sequential Consistency in C/C++11},
    year = {2017},
    issue_date = {June 2017},
    publisher = {Association for Computing Machinery},
    address = {New York, NY, USA},
    volume = {52},
    number = {6},
    issn = {0362-1340},
    url = {https://doi.org/10.1145/3140587.3062352},
    journal = {SIGPLAN Not.},
    month = {jun},
    pages = {618–632},
    numpages = {15},
    keywords = {sequential consistency, Weak memory models, C++11, declarative semantics}
}

@book{bertot2013interactive, 
  title={Interactive theorem proving and program development: Coq’Art: the calculus of inductive constructions}, 
  author={Bertot, Yves and Cast{\'e}ran, Pierre}, 
  year={2013}, 
  publisher={Springer Science \& Business Media} 
}

@article{PichonPharabod_Sewell16,
author = {Pichon-Pharabod, Jean and Sewell, Peter},
title = {A Concurrency Semantics for Relaxed Atomics That Permits Optimisation and Avoids Thin-Air Executions},
year = {2016},
issue_date = {January 2016},
publisher = {Association for Computing Machinery},
address = {New York, NY, USA},
volume = {51},
number = {1},
issn = {0362-1340},
url = {https://doi.org/10.1145/2914770.2837616},
doi = {10.1145/2914770.2837616},
journal = {SIGPLAN Not.},
month = {jan},
pages = {622–633},
numpages = {12},
keywords = {Relaxed memory models, C/C++, Concurrency}
}


